<record><leader>00000cas a2200000 a 4500</leader><controlfield tag="001">16645134</controlfield><controlfield tag="008">870904c19099999mauwr ne      0   a0eng c</controlfield><datafield ind1=" " ind2=" " tag="010"><subfield code="a">sn 89070090 </subfield></datafield><datafield ind1=" " ind2=" " tag="040"><subfield code="a">BDR</subfield><subfield code="b">eng</subfield><subfield code="c">BDR</subfield><subfield code="d">YOX</subfield><subfield code="d">MGN</subfield><subfield code="d">CNW</subfield><subfield code="d">MGN</subfield><subfield code="d">CNW</subfield><subfield code="d">NSD</subfield><subfield code="d">CNK</subfield><subfield code="d">DLC</subfield><subfield code="d">CUS</subfield><subfield code="d">CLU</subfield><subfield code="d">NYS</subfield><subfield code="d">IUL</subfield><subfield code="d">OCLCQ</subfield><subfield code="d">TXA</subfield><subfield code="d">OCLCF</subfield><subfield code="d">OCLCO</subfield></datafield><datafield ind1=" " ind2=" " tag="012"><subfield code="l">1</subfield><subfield code="m">1</subfield></datafield><datafield ind1="1" ind2=" " tag="022"><subfield code="a">1077-2995</subfield><subfield code="l">1077-2995</subfield><subfield code="2">1</subfield></datafield><datafield ind1="1" ind2=" " tag="029"><subfield code="a">AU@</subfield><subfield code="b">000020562260</subfield></datafield><datafield ind1=" " ind2=" " tag="032"><subfield code="a">275020</subfield><subfield code="b">USPS</subfield></datafield><datafield ind1=" " ind2=" " tag="037"><subfield code="b">The Jewish Advocate, 15 School St., Boston, Mass. 02108</subfield></datafield><datafield ind1=" " ind2=" " tag="042"><subfield code="a">pcc</subfield><subfield code="a">nsdp</subfield></datafield><datafield ind1="0" ind2=" " tag="130"><subfield code="a">Jewish advocate (Boston, Mass.)</subfield></datafield><datafield ind1=" " ind2="4" tag="222"><subfield code="a">The Jewish advocate</subfield><subfield code="b">(Boston, Mass.)</subfield></datafield><datafield ind1="0" ind2="4" tag="245"><subfield code="a">The Jewish advocate.</subfield></datafield><datafield ind1=" " ind2=" " tag="260"><subfield code="a">Boston, Mass. :</subfield><subfield code="b">Jewish Pub. Co.</subfield></datafield><datafield ind1=" " ind2=" " tag="300"><subfield code="a">v. :</subfield><subfield code="b">ill. ;</subfield><subfield code="c">42 cm.</subfield></datafield><datafield ind1=" " ind2=" " tag="310"><subfield code="a">Weekly,</subfield><subfield code="b">Feb. 26, 1937-</subfield></datafield><datafield ind1=" " ind2=" " tag="321"><subfield code="a">Weekly,</subfield><subfield code="b">1909-Dec. 1929</subfield></datafield><datafield ind1=" " ind2=" " tag="321"><subfield code="a">Semiweekly,</subfield><subfield code="b">Jan. 1930-Feb. 23, 1937</subfield></datafield><datafield ind1="0" ind2=" " tag="362"><subfield code="a">Vol. 9, no. 12 (May 28, 1909)-</subfield></datafield><datafield ind1=" " ind2=" " tag="500"><subfield code="a">Published in regional editions with subtitles: Connecticut Hebrew record, &lt;Jan. 29, 1925&gt;-Sept. 9, 1938, and: Springfield Hebrew record, &lt;Jan. 29, 1925&gt;-Dec. 10, 1925, and: Springfield review, Dec. 17, 1925-Sept. 9, 1938.</subfield></datafield><datafield ind1=" " ind2=" " tag="500"><subfield code="a">Published: Lynn, Mass., Feb. 24, 1931-Oct. 16, 1934.</subfield></datafield><datafield ind1=" " ind2=" " tag="530"><subfield code="a">Issued also on microfilm by New York Public Library.</subfield></datafield><datafield ind1=" " ind2="0" tag="650"><subfield code="a">Jewish newspapers</subfield><subfield code="z">New England.</subfield></datafield><datafield ind1=" " ind2="0" tag="650"><subfield code="a">Jews</subfield><subfield code="x">Identity</subfield><subfield code="v">Newspapers.</subfield></datafield><datafield ind1=" " ind2="0" tag="651"><subfield code="a">Boston (Mass.)</subfield><subfield code="v">Newspapers.</subfield></datafield><datafield ind1=" " ind2="0" tag="651"><subfield code="a">Hartford (Conn.)</subfield><subfield code="v">Newspapers.</subfield></datafield><datafield ind1=" " ind2="0" tag="651"><subfield code="a">Springfield (Mass.)</subfield><subfield code="v">Newspapers.</subfield></datafield><datafield ind1=" " ind2="0" tag="651"><subfield code="a">Lynn (Mass.)</subfield><subfield code="v">Newspapers.</subfield></datafield><datafield ind1=" " ind2="7" tag="655"><subfield code="a">Newspapers.</subfield><subfield code="2">fast</subfield><subfield code="0">(OCoLC)fst01423814</subfield></datafield><datafield ind1=" " ind2="7" tag="650"><subfield code="a">Jewish newspapers.</subfield><subfield code="2">fast</subfield><subfield code="0">(OCoLC)fst00982872</subfield></datafield><datafield ind1=" " ind2="7" tag="650"><subfield code="a">Jews</subfield><subfield code="x">Identity.</subfield><subfield code="2">fast</subfield><subfield code="0">(OCoLC)fst00983278</subfield></datafield><datafield ind1=" " ind2="7" tag="651"><subfield code="a">Connecticut</subfield><subfield code="z">Hartford.</subfield><subfield code="2">fast</subfield><subfield code="0">(OCoLC)fst01207441</subfield></datafield><datafield ind1=" " ind2="7" tag="651"><subfield code="a">Massachusetts</subfield><subfield code="z">Boston.</subfield><subfield code="2">fast</subfield><subfield code="0">(OCoLC)fst01205012</subfield></datafield><datafield ind1=" " ind2="7" tag="651"><subfield code="a">Massachusetts</subfield><subfield code="z">Lynn.</subfield><subfield code="2">fast</subfield><subfield code="0">(OCoLC)fst01207099</subfield></datafield><datafield ind1=" " ind2="7" tag="651"><subfield code="a">Massachusetts</subfield><subfield code="z">Springfield.</subfield><subfield code="2">fast</subfield><subfield code="0">(OCoLC)fst01205519</subfield></datafield><datafield ind1=" " ind2="7" tag="651"><subfield code="a">New England.</subfield><subfield code="2">fast</subfield><subfield code="0">(OCoLC)fst01241913</subfield></datafield><datafield ind1="0" ind2="2" tag="740"><subfield code="a">Connecticut Hebrew record.</subfield></datafield><datafield ind1="0" ind2="2" tag="740"><subfield code="a">Springfield Hebrew record.</subfield></datafield><datafield ind1="0" ind2="2" tag="740"><subfield code="a">Springfield review.</subfield></datafield><datafield ind1=" " ind2=" " tag="752"><subfield code="a">United States</subfield><subfield code="b">Massachusetts</subfield><subfield code="c">Suffolk</subfield><subfield code="d">Boston.</subfield></datafield><datafield ind1="1" ind2=" " tag="776"><subfield code="c">Microfilm</subfield><subfield code="d">Library of Congress Preservation Microfilming Program</subfield><subfield code="w">(DLC)sf 98094003</subfield><subfield code="w">(OCoLC)38163946</subfield></datafield><datafield ind1="0" ind2="8" tag="776"><subfield code="i">Online verison:</subfield><subfield code="t">Jewish advocate (Boston, Mass.)</subfield><subfield code="w">(DLC)  2011263202</subfield><subfield code="w">(OCoLC)44891488</subfield></datafield><datafield ind1="0" ind2="0" tag="780"><subfield code="t">Boston advocate (Boston, Mass. : 1905)</subfield><subfield code="w">(DLC)sn 89070085</subfield><subfield code="w">(OCoLC)19869198</subfield></datafield><datafield ind1="0" ind2="5" tag="780"><subfield code="t">Connecticut Hebrew record</subfield><subfield code="g">1923</subfield><subfield code="w">(DLC)sn 92051392</subfield><subfield code="w">(OCoLC)21590521</subfield></datafield><datafield ind1="4" ind2="1" tag="856"><subfield code="u">http://search.proquest.com/</subfield></datafield><datafield ind1="4" ind2="1" tag="856"><subfield code="u">http://bibpurl.oclc.org/web/1924</subfield><subfield code="u">http://www.thejewishadvocate.com/</subfield></datafield></record>